% This file was created with JabRef 2.3.1.
% Encoding: UTF8

@book{Bishop2006,
author = {Bishop, Christopher M.},
title = {Pattern Recognition and Machine Learning (Information Science and Statistics)},
year = {2006},
%isbn = {0387310738},
publisher = {Springer-Verlag},
address = {Berlin, Heidelberg}
}

@inproceedings{ritter2018scalable,
  title={A scalable laplace approximation for neural networks},
  author={Ritter, Hippolyt and Botev, Aleksandar and Barber, David},
  booktitle={6th International Conference on Learning Representations, ICLR 2018-Conference Track Proceedings},
  volume={6},
  year={2018},
  organization={International Conference on Representation Learning}
}


@inproceedings{martens2015optimizing,
  title={Optimizing neural networks with kronecker-factored approximate curvature},
  author={Martens, James and Grosse, Roger},
  booktitle={International conference on machine learning},
  pages={2408--2417},
  year={2015},
}


@InProceedings{gal2016MCdropout,
  title = 	 {Dropout as a Bayesian Approximation: Representing Model Uncertainty in Deep Learning},
  author = 	 {Gal, Yarin and Ghahramani, Zoubin},
  booktitle = 	 {Proceedings of The 33rd International Conference on Machine Learning},
  pages = 	 {1050--1059},
  year = 	 {2016},
  volume = 	 {48},
  series = 	 {Proceedings of Machine Learning Research},
}

@book{hansen1999tikhonov,
author = {Hansen, Per Christian},
title = {Rank-Deficient and Discrete Ill-Posed Problems: Numerical Aspects of Linear Inversion},
year = {1999},
%isbn = {0898714036},
publisher = {Society for Industrial and Applied Mathematics},
}

@inproceedings{neal1993bayesian,
  title={Bayesian learning via stochastic dynamics},
  author={Neal, Radford M},
  booktitle={Advances in neural information processing systems},
  pages={475--482},
  year={1993}
}

@incollection{azevedo1994laplace,
  title={Laplace's method approximations for probabilistic inference in belief networks with continuous variables},
  author={Azevedo-Filho, Adriano and Shachter, Ross D},
  booktitle={Uncertainty Proceedings 1994},
  pages={28--36},
  year={1994},
  publisher={Elsevier}
}

@inproceedings{lee2020estimating,
       publisher = {Proceedings of Machine Learning Research},
            year = {2020},
          author = {Jongseok Lee and Matthias Humt and Jianxiang Feng and Rudolph Triebel},
         journal = {International Conference on Machine Learning (ICML)},
       booktitle = {37th International Conference on Machine Learning (ICML)},
           month = {7},
           title = {Estimating Model Uncertainty of Neural Networks in Sparse Information Form},
}


@article{liu2016ssd,
   title={SSD: Single Shot MultiBox Detector},
   journal={Lecture Notes in Computer Science},
   publisher={Springer International Publishing},
   author={Liu, Wei and Anguelov, Dragomir and Erhan, Dumitru and Szegedy, Christian and Reed, Scott and Fu, Cheng-Yang and Berg, Alexander C.},
   year={2016},
   pages={21â€“37}
}

@article{foong2019inbetween,
  title={`{In}-Between'Uncertainty in Bayesian Neural Networks},
  author={Foong, Andrew YK and Li, Yingzhen and Hern{\'a}ndez-Lobato, Jos{\'e} Miguel and Turner, Richard E},
  booktitle = {International Conference on Machine Learning - Workshop Track Proceedings},
  year={2019}
}



@phdthesis{Gal2016UncertaintyID,
  author       = {Yarin Gal}, 
  title        = {Uncertainty in Deep Learning},
  school       = {Department of Engineering, University of Cambridge},
  year         = 2016,
}

@inproceedings{kendall2017,
 author = {Kendall, Alex and Gal, Yarin},
 booktitle = {Advances in Neural Information Processing Systems},
 pages = {},
 title = {What Uncertainties Do We Need in Bayesian Deep Learning for Computer Vision?},
 volume = {30},
 year = {2017}
}


@ARTICLE{lecun1998mnist,  
    author={Lecun, Y. and Bottou, L. and Bengio, Y. and Haffner, P.},  
    journal={Proceedings of the IEEE},   
    title={Gradient-based learning applied to document recognition},   
    year={1998},  
    volume={86},  
    number={11},  
    pages={2278-2324},  
}


@article{elfwing2017silu,
title = {Sigmoid-weighted linear units for neural network function approximation in reinforcement learning},
journal = {Neural Networks},
volume = {107},
pages = {3-11},
year = {2018},
%issn = {0893-6080},
author = {Stefan Elfwing and Eiji Uchibe and Kenji Doya},
}

@INPROCEEDINGS{Geiger2012kitti,
  author = {Andreas Geiger and Philip Lenz and Raquel Urtasun},
  title = {Are we ready for Autonomous Driving? The KITTI Vision Benchmark Suite},
  booktitle = {Conference on Computer Vision and Pattern Recognition (CVPR)},
  year = {2012}
}

@article{Kraus2019,
   author = {Florian Kraus and Klaus Dietmayer},
   %doi={10.1109/ITSC.2019.8917494},
   journal = {2019 IEEE Intelligent Transportation Systems Conference, ITSC 2019},
   title = {Uncertainty Estimation in One-Stage Object Detection},
   year = {2019},
}

@inproceedings{denker1990transforming,
  title={Transforming neural-net output levels to probability distributions},
  author={Denker, John S and LeCun, Yann},
  booktitle={Proceedings of the 3rd International Conference on Neural Information Processing Systems},
  pages={853--859},
  year={1990}
}

@inproceedings{botev2017practical,
  title={Practical gauss-newton optimisation for deep learning},
  author={Botev, Aleksandar and Ritter, Hippolyt and Barber, David},
  booktitle={International Conference on Machine Learning},
  pages={557--565},
  year={2017},
  organization={PMLR}
}

@article{watanabe2013widely,
  title={A widely applicable Bayesian information criterion},
  author={Watanabe, Sumio},
  journal={Journal of Machine Learning Research},
  volume={14},
  number={Mar},
  pages={867--897},
  year={2013}
}

@inproceedings{postels2019sampling,
  title={Sampling-free epistemic uncertainty estimation using approximated variance propagation},
  author={Postels, Janis and Ferroni, Francesco and Coskun, Huseyin and Navab, Nassir and Tombari, Federico},
  booktitle={Proceedings of the IEEE/CVF International Conference on Computer Vision},
  pages={2931--2940},
  year={2019}
}

@article{blei2017variational,
  title={Variational inference: A review for statisticians},
  author={Blei, David M and Kucukelbir, Alp and McAuliffe, Jon D},
  journal={Journal of the American statistical Association},
  volume={112},
  number={518},
  pages={859--877},
  year={2017},
  publisher={Taylor \& Francis}
}

@inproceedings{paisley2012variational,
   author = {John Paisley and David M. Blei and Michael I. Jordan},
   journal = {Proceedings of the 29th International Conference on Machine Learning, ICML 2012},
   title = {Variational Bayesian inference with stochastic search},
   volume = {2},
   year = {2012},
}


@article{Kingma2015,
   author = {Diederik P. Kingma and Jimmy Lei Ba},
   journal = {3rd International Conference on Learning Representations, ICLR 2015 - Conference Track Proceedings},
   title = {Adam: A method for stochastic optimization},
   year = {2015},
}

@inproceedings{rezende2014stochastic,
  title={Stochastic backpropagation and approximate inference in deep generative models},
  author={Rezende, Danilo Jimenez and Mohamed, Shakir and Wierstra, Daan},
  booktitle={International conference on machine learning},
  pages={1278--1286},
  year={2014},
  organization={PMLR}
}

@inproceedings{titsias2014doubly,
  title={Doubly stochastic variational Bayes for non-conjugate inference},
  author={Titsias, Michalis and L{\'a}zaro-Gredilla, Miguel},
  booktitle={International conference on machine learning},
  pages={1971--1979},
  year={2014},
  organization={PMLR}
}

@article{hoffman2013stochastic,
  title={Stochastic variational inference.},
  author={Hoffman, Matthew D and Blei, David M and Wang, Chong and Paisley, John},
  journal={Journal of Machine Learning Research},
  volume={14},
  number={5},
  year={2013}
}

@article{lakshminarayanan2016simple,
   author = {Balaji Lakshminarayanan and Alexander Pritzel and Charles Blundell},
   %issn = {10495258},
   journal = {Advances in Neural Information Processing Systems},
   title = {Simple and scalable predictive uncertainty estimation using deep ensembles},
   year = {2017},
}


@article{srivastava2014dropout,
  title={Dropout: a simple way to prevent neural networks from overfitting},
  author={Srivastava, Nitish and Hinton, Geoffrey and Krizhevsky, Alex and Sutskever, Ilya and Salakhutdinov, Ruslan},
  journal={The journal of machine learning research},
  volume={15},
  number={1},
  pages={1929--1958},
  year={2014},
  publisher={JMLR. org}
}

@book{gelman1995bayesian,
  title={Bayesian data analysis},
  author={Gelman, Andrew and Carlin, John B and Stern, Hal S and Rubin, Donald B},
  year={1995},
  publisher={Chapman and Hall/CRC}
}

@book{penny2011statistical,
  title={Statistical parametric mapping: the analysis of functional brain images},
  author={Penny, William D and Friston, Karl J and Ashburner, John T and Kiebel, Stefan J and Nichols, Thomas E},
  year={2011},
  publisher={Elsevier}
}

@article{Zhang2019advancesInVI,
author = {Zhang, Cheng and Butepage, Judith and Kjellstrom, Hedvig and Mandt, Stephan},
journal = {IEEE Transactions on Pattern Analysis and Machine Intelligence},
keywords = {Variational inference,approximate Bayesian inference,inference networks,reparameterization gradients,scalable inference,structured variational approximations},
mendeley-groups = {BNN},
number = {8},
pages = {2008--2026},
pmid = {30596568},
title = {{Advances in Variational Inference}},
volume = {41},
year = {2019}
}

@phdthesis{lawrence2001variational,
  title={Variational inference in probabilistic models},
  author={Lawrence, Neil David},
  year={2001},
  school={Citeseer}
}

@inproceedings{Glorot2010xavier,
author = {Glorot, Xavier and Bengio, Yoshua},
booktitle = {Journal of Machine Learning Research},
%issn = {15324435},
title = {{Understanding the difficulty of training deep feedforward neural networks}},
year = {2010}
}

@inproceedings{He2015kaiming,
archivePrefix = {arXiv},
arxivId = {1502.01852},
author = {He, Kaiming and Zhang, Xiangyu and Ren, Shaoqing and Sun, Jian},
booktitle = {Proceedings of the IEEE International Conference on Computer Vision},
%%doi={10.1109/ICCV.2015.123},
title = {{Delving deep into rectifiers: Surpassing human-level performance on imagenet classification}},
year = {2015}
}

@article{Martens2020hessian-fisher,
archivePrefix = {arXiv},
arxivId = {1412.1193},
author = {Martens, James},
journal = {Journal of Machine Learning Research},
keywords = {2nd-order optimization,Convergence rate,Natural gradient methods,Neural networks,Parameterization invariance},
title = {{New insights and perspectives on the natural gradient method}},
year = {2020}
}

@misc{McCandlish2018,
      title={An Empirical Model of Large-Batch Training}, 
      author={Sam McCandlish and Jared Kaplan and Dario Amodei and OpenAI Dota Team},
      year={2018},
      eprint={1812.06162},
      archivePrefix={arXiv},
      %primaryClass={cs.LG}
}

@misc{Gur-Ari2018,
      title={Gradient Descent Happens in a Tiny Subspace}, 
      author={Guy Gur-Ari and Daniel A. Roberts and Ethan Dyer},
      year={2018},
      eprint={1812.04754},
      archivePrefix={arXiv},
      %primaryClass={cs.LG}
}

@article{Yaida2019,
   author = {Sho Yaida},
   journal = {7th International Conference on Learning Representations, ICLR 2019},
   pages = {1-15},
   title = {Fluctuation-dissipation relations for stochastic gradient descent},
   year = {2019},
}

@misc{Sagun2016,
      title={Eigenvalues of the Hessian in Deep Learning: Singularity and Beyond}, 
      author={Levent Sagun and Leon Bottou and Yann LeCun},
      year={2017},
      eprint={1611.07476},
      archivePrefix={arXiv},
      %primaryClass={cs.LG}
}

@article{Sagun2018,
   author = {Levent Sagun and Utku Evci and V. Ugur GÃ¼ney and Yann Dauphin and LÃ©on Bottou},
   journal = {6th International Conference on Learning Representations, ICLR 2018 - Workshop Track Proceedings},
   pages = {1-15},
   title = {Empirical analysis of the hessian of over-parametrized neural networks},
   year = {2018},
}

@misc{Papyan2018,
      title={The Full Spectrum of Deepnet Hessians at Scale: Dynamics with SGD Training and Sample Size}, 
      author={Vardan Papyan},
      year={2019},
      eprint={1811.07062},
      archivePrefix={arXiv},
      %primaryClass={cs.LG}
}

@inproceedings{simonyan2015vgg,
   author = {Karen Simonyan and Andrew Zisserman},
   booktitle = {3rd International Conference on Learning Representations, ICLR 2015 - Conference Track Proceedings},
   title = {Very deep convolutional networks for large-scale image recognition},
   year = {2015},
}

@article{Mehlig2021nn_struct,
   title={Machine Learning with Neural Networks},
   %isbn={9781108494939},
   %url={http://dx.doi.org/10.1017/9781108860604},
   %doi={10.1017/9781108860604},
   publisher={Cambridge University Press},
   author={Mehlig, Bernhard},
   year={2021},
   month={Oct}
}

@article{lecun1989backprop,
   author = {Y. LeCun and B. Boser and J. S. Denker and D. Henderson and R. E. Howard and W. Hubbard and L. D. Jackel},
   %doi={10.1162/neco.1989.1.4.541},
   %issn = {0899-7667},
   issue = {4},
   journal = {Neural Computation},
   title = {Backpropagation Applied to Handwritten Zip Code Recognition},
   volume = {1},
   year = {1989},
}

@article{Girshick2013rcnn,
   author = {Ross Girshick and Jeff Donahue and Trevor Darrell and Jitendra Malik},
   %doi={10.1109/CVPR.2014.81},
   %issn = {10636919},
   journal = {Proceedings of the IEEE Computer Society Conference on Computer Vision and Pattern Recognition},
   title = {Rich feature hierarchies for accurate object detection and semantic segmentation},
   year = {2014},
}

@inproceedings{Girshick2015fastrcnn,
  title={Fast r-cnn},
  author={Girshick, Ross},
  booktitle={Proceedings of the IEEE international conference on computer vision},
  pages={1440--1448},
  year={2015}
}

@article{Ren2015faster,
  title={Faster r-cnn: Towards real-time object detection with region proposal networks},
  author={Ren, Shaoqing and He, Kaiming and Girshick, Ross and Sun, Jian},
  journal={Advances in neural information processing systems},
  volume={28},
  pages={91--99},
  year={2015}
}

@misc{Bochkovskiy2020yolov4,
    title={YOLOv4: Optimal Speed and Accuracy of Object Detection}, 
    author={Alexey Bochkovskiy and Chien-Yao Wang and Hong-Yuan Mark Liao},
    year={2020},
    eprint={2004.10934},
    archivePrefix={arXiv},
    %primaryClass={cs.CV}
}

@misc{Goodfellow2014adversarial,
    title={Explaining and Harnessing Adversarial Examples}, 
    author={Ian J. Goodfellow and Jonathon Shlens and Christian Szegedy},
    year={2015},
    eprint={1412.6572},
    archivePrefix={arXiv},
    %primaryClass={stat.ML}
}

@book{laplace1768,
	title = {MÃ©moires de mathÃ©matique et de physique, presentÃ©s Ã  l'AcadÃ©mie royale des sciences, par divers sÃ§avans \& lÃ»s dans ses assemblÃ©es.},
	volume = {Vol 5},
	%copyright = {Public domain. The BHL considers that this work is no longer under copyright protection.},
	%url = {https://www.biodiversitylibrary.org/item/88512},
	%note = {https://www.biodiversitylibrary.org/bibliography/4360},
	%publisher = {Paris.},
	author = {AcadÃ©mie royale des sciences (France)},
	year = {1768},
	pages = {772},
}

@book{brooks2011mcmc,
  title={Handbook of markov chain monte carlo},
  author={Brooks, Steve and Gelman, Andrew and Jones, Galin and Meng, Xiao-Li},
  year={2011},
  publisher={CRC press}
}

@article{duane1987hmc,
    title = {Hybrid Monte Carlo},
    journal = {Physics Letters B},
    volume = {195},
    number = {2},
    pages = {216-222},
    year = {1987},
    %issn = {0370-2693},
    %doi={https://doi.org/10.1016/0370-2693(87)91197-X},
    %url = {https://www.sciencedirect.com/science/article/pii/037026938791197X},
    author = {Simon Duane and A.D. Kennedy and Brian J. Pendleton and Duncan Roweth},
}

@article{Miller2018,
   author = {Dimity Miller and Lachlan Nicholson and Feras Dayoub and Niko Sunderhauf},
   %doi={10.1109/ICRA.2018.8460700},
   %issn = {10504729},
   journal = {Proceedings - IEEE International Conference on Robotics and Automation},
   title = {Dropout Sampling for Robust Object Detection in Open-Set Conditions},
   year = {2018},
}

@inproceedings{Miller2019,
   author = {DImity Miller and Feras Dayoub and Michael Milford and Niko Sunderhauf},
   %doi={10.1109/ICRA.2019.8793821},
   %issn = {10504729},
   journal = {Proceedings - IEEE International Conference on Robotics and Automation},
   title = {Evaluating merging strategies for sampling-based uncertainty techniques in object detection},
   volume = {2019-May},
   year = {2019},
}

@inproceedings{Le2018,
   author = {Michael Truong Le and Frederik Diehl and Thomas Brunner and Alois Knol},
   %doi={10.1109/ITSC.2018.8569637},
   journal = {IEEE Conference on Intelligent Transportation Systems, Proceedings, ITSC},
   title = {Uncertainty Estimation for Deep Neural Object Detectors in Safety-Critical Applications},
   volume = {2018-November},
   year = {2018},
}

@article{Harakeh2020,
   author = {Ali Harakeh and Michael Smart and Steven L. Waslander},
   %doi={10.1109/ICRA40945.2020.9196544},
   %isbn = {9781728173955},
   %issn = {10504729},
   journal = {Proceedings - IEEE International Conference on Robotics and Automation},
   pages = {87-93},
   title = {BayesOD: A Bayesian Approach for Uncertainty Estimation in Deep Object Detectors},
   year = {2020},
}

@inproceedings{Meyer2019,
   author = {Gregory P. Meyer and Ankit Laddha and Eric Kee and Carlos Vallespi-Gonzalez and Carl K. Wellington},
   %doi={10.1109/CVPR.2019.01296},
   %issn = {10636919},
   journal = {Proceedings of the IEEE Computer Society Conference on Computer Vision and Pattern Recognition},
   title = {Lasernet: An efficient probabilistic 3D object detector for autonomous driving},
   volume = {2019-June},
   year = {2019},
}

@inproceedings{He2019,
   author = {Yihui He and Chenchen Zhu and Jianren Wang and Marios Savvides and Xiangyu Zhang},
   %doi={10.1109/CVPR.2019.00300},
   %issn = {10636919},
   journal = {Proceedings of the IEEE Computer Society Conference on Computer Vision and Pattern Recognition},
   title = {Bounding box regression with uncertainty for accurate object detection},
   volume = {2019-June},
   year = {2019},
}

@inproceedings{Feng2019,
   author = {Di Feng and Lars Rosenbaum and Fabian Timm and Klaus Dietmayer},
   %doi={10.1109/IVS.2019.8814046},
   journal = {IEEE Intelligent Vehicles Symposium, Proceedings},
   title = {Leveraging heteroscedastic aleatoric uncertainties for robust real-time LiDAR 3D object detection},
   volume = {2019-June},
   year = {2019},
}

@generic{Abdar2021,
   author = {Moloud Abdar and Farhad Pourpanah and Sadiq Hussain and Dana Rezazadegan and Li Liu and Mohammad Ghavamzadeh and Paul Fieguth and Xiaochun Cao and Abbas Khosravi and U. Rajendra Acharya and Vladimir Makarenkov and Saeid Nahavandi},
   %doi={10.1016/j.inffus.2021.05.008},
   %issn = {15662535},
   journal = {Information Fusion},
   title = {A review of uncertainty quantification in deep learning: Techniques, applications and challenges},
   volume = {76},
   year = {2021},
}

@inproceedings{feng2021introspective,
      title={Introspective Robot Perception using Smoothed Predictions from Bayesian Neural Networks}, 
      author={Jianxiang Feng and Maximilian Durner and Zoltan-Csaba Marton and Ferenc Balint-Benczedi and Rudolph Triebel},
      year={2019},
      booktitle={International Symposium on Robotics Research (ISRR)}
}

@inproceedings{shinde2020learning,
      title={Learning Multiplicative Interactions with Bayesian Neural Networks for Visual-Inertial Odometry}, 
      author={Kashmira Shinde and Jongseok Lee and Matthias Humt and Aydin Sezgin and Rudolph Triebel},
      year={2020},
      booktitle={Workshop on AI for Autonomous Driving (AIAD), the 37th International Conference on Machine Learning}
}

@misc{humt2020bayesian,
      title={Bayesian Optimization Meets Laplace Approximation for Robotic Introspection}, 
      author={Matthias Humt and Jongseok Lee and Rudolph Triebel},
      year={2020},
      booktitle={International Conference on Intelligent Robots and Systems (IROS) 2020 Long-Term Autonomy Workshop}
}

@article{Kirkpatrick2017,
   author = {James Kirkpatrick and Razvan Pascanu and Neil Rabinowitz and Joel Veness and Guillaume Desjardins and Andrei A. Rusu and Kieran Milan and John Quan and Tiago Ramalho and Agnieszka Grabska-Barwinska and Demis Hassabis and Claudia Clopath and Dharshan Kumaran and Raia Hadsell},
   %doi={10.1073/pnas.1611835114},
   %issn = {10916490},
   issue = {13},
   journal = {Proceedings of the National Academy of Sciences of the United States of America},
   title = {Overcoming catastrophic forgetting in neural networks},
   volume = {114},
   year = {2017},
}

@article{LeCun1990,
   author = {Yann LeCun and John S Denker and Sara A. Solla},
   journal = {Advances in neural information processing systems},
   title = {Optimal Brain Damage},
   year = {1990},
}

@book{Stuart1991,
  author = {Stuart, A. and Ord, K.},
  edition = {Fifth},
  editor = {Arnold, E.},
  month = {3},
  title = {{Kendall's advanced theory of statistics}},
  volume = {1, Distribution Theory},
  year = 1991
}

@misc{hochreiter2001vanishgrad,
  title={Gradient flow in recurrent nets: the difficulty of learning long-term dependencies},
  author={Hochreiter, Sepp and Bengio, Yoshua and Frasconi, Paolo and Schmidhuber, J{\"u}rgen and others},
  year={2001},
  publisher={A field guide to dynamical recurrent neural networks. IEEE Press}
}

@INPROCEEDINGS{Tishby1989bnn,
  author={Tishby and Levin and Solla},
  booktitle={International 1989 Joint Conference on Neural Networks}, 
  title={Consistent inference of probabilities in layered networks: predictions and generalizations}, 
  year={1989},
  volume={},
  number={},
  pages={403-409 vol.2},
  %doi={10.1109/IJCNN.1989.118274}
}

@article{Denker1991bnn,
   author = {John S Denker and Yann LeCun},
   journal = {Advances in Neural Information Processing Systems 3},
   title = {Transforming Neural-Net Output Levels to Probability Distributions},
   year = {1991},
}

@book{gamerman2006mcmc, 
    place={Boca Raton, Fla}, 
    title={Markov chain Monte Carlo: Stochastic simulation for bayesian inference}, 
    publisher={Taylor \& Francis}, 
    author={Gamerman, Dani and Lopes, Hedibert Freitas}, 
    year={2006}
} 
 
@book{schervish1995statistics,
    place={New York},
    title={Theory of statistics},
    publisher={Springer},
    author={Schervish, Mark J.},
    year={1995}
}

@book{halmos2014measure, 
    title={Measure theory}, 
    publisher={Springer}, 
    author={Halmos, Paul R.}, 
    year={2014}
} 

@inproceedings{ober2019lastlayer,
      title={Benchmarking the Neural Linear Model for Regression}, 
      author={Sebastian W. Ober and Carl Edward Rasmussen},
      year={2019},
      booktitle={Advances in Approximate Bayesian Inference}
}

@Online{Tesla2016,
     author = {Danny Yadron and Dan Tynan},
     year = {2016},
     title = {Tesla driver dies in first fatal crash while using autopilot mode},
     journal = {The Guardian},
     url = {https://www.theguardian.com/technology/2016/jun/30/tesla-autopilot-death-self-driving-car-elon-musk},
     urldate = {2022-01-20}
}

@Online{Tesla2020,
     author = {Catherine Thorbecke},
     year = {2020},
     title = {Tesla on autopilot had steered driver towards same barrier before fatal crash, NTSB says},
     journal = {ABC News},
     url = {https://abcnews.go.com/Business/tesla-autopilot-steered-driver-barrier-fatal-crash-ntsb/story?id=68936725},
     urldate = {2022-01-20}
}

@article{Nair2010relu,
   author = {Vinod Nair and Geoffrey E. Hinton},
   journal = {ICML 2010 - Proceedings, 27th International Conference on Machine Learning},
   title = {Rectified linear units improve Restricted Boltzmann machines},
   year = {2010},
}
